% Encoding: UTF-8

% The following rules for this file ares copied from dbeyer.bib

% Always cite conference papers instead of technical reports when possible
% Order by year
% Abbreviate given names
% No duplicate entries

% Usage of fields:
% doi: (mandatory)                      DOI of the official copy in a digital library, not URL with a DOI
% url: (mandatory if DOI link not free) URL of a free copy (e.g., under https://www.sosy-lab.org/research/pub/)
% pdf: (should not be used here)
% isbnnote:                             Use field `isbn` if the ISBN shall be printed, `isbnnote` otherwise.

% Format ISBN with this tool: https://tools.wmflabs.org/isbn/IsbnCheckAndFormat
% We link to book using: https://www.worldcat.org/isbn/978-3-319-10574-1

%%%%%%%%%%%%%%%%%%%%%%%%%%%%%%%%%%%%%%%%%%%%%%%%%%%%%%%%%%%%%%%%%%%%%%%

% 2014

@inproceedings{LeeICCAD14ProbDesign,
  author    = {N.-Z.~Lee and J.-H.~R.~Jiang},
  title     = {Towards formal evaluation and verification of probabilistic design},
  booktitle = {Proc.\ ICCAD},
  pages     = {340-347},
  publisher = {{IEEE}},
  year      = {2014},
  doi       = {10.1109/ICCAD.2014.7001372}
}

% 2016

@inproceedings{LeeICCAD16TLCollapseVerify,
  author    = {N.-Z.~Lee and
               H.-Y.~Kuo and
               Y.-H.~Lai and
               J.-H.~R.~Jiang},
  title     = {Analytic approaches to the collapse operation and equivalence verification
               of threshold logic circuits},
  booktitle = {Proc.\ ICCAD},
  pages     = {5:1-5:8},
  publisher = {{ACM}},
  year      = {2016},
  doi       = {10.1145/2966986.2967001}
}

% 2017

@inproceedings{LeeIJCAI17RESSAT,
  author    = {N.-Z.~Lee and
               Y.-S.~Wang and
               J.-H.~R.~Jiang},
  title     = {Solving stochastic {Boolean} satisfiability under random-exist quantification},
  booktitle = {Proc.\ IJCAI},
  pages     = {688-694},
  publisher = {IJCAI Organization},
  year      = {2017},
  doi       = {10.24963/ijcai.2017/96}
}

@inproceedings{LeeICCAD17SECO,
  author    = {N.-Z.~Lee and
               V.~N.~Kravets and
               J.-H.~R.~Jiang},
  title     = {Sequential engineering change order under retiming and resynthesis},
  booktitle = {Proc.\ ICCAD},
  pages     = {109-116},
  publisher = {{IEEE}},
  year      = {2017},
  doi       = {10.1109/ICCAD.2017.8203767}
}

% 2018

@article{LeeTC18ProbDesign,
  author  = {N.-Z.~Lee and J.-H.~R.~Jiang},
  title   = {Towards formal evaluation and verification of probabilistic design},
  journal = {IEEE Transactions on Computers},
  volume  = {67},
  number  = {8},
  pages   = {1202-1216},
  year    = {2018},
  doi     = {10.1109/TC.2018.2807431}
}

@inproceedings{DaoDAC18CECO,
  author    = {A.~Q.~Dao and
               N.-Z.~Lee and
               L.-C.~Chen and
               M.~P.-H.~Lin and
               J.-H.~R.~Jiang and
               A.~Mishchenko and
               R.~K.~Brayton},
  title     = {Efficient computation of {ECO} patch functions},
  booktitle = {Proc.\ DAC},
  pages     = {51:1-51:6},
  publisher = {{ACM}},
  year      = {2018},
  doi       = {10.1145/3195970.3196039}
}

@inproceedings{LeeIJCAI18ERSSAT,
  author    = {N.-Z.~Lee and
               Y.-S.~Wang and
               J.-H.~R.~Jiang},
  title     = {Solving exist-random quantified stochastic {Boolean} satisfiability
               via clause selection},
  booktitle = {Proc.\ IJCAI},
  pages     = {1339-1345},
  publisher = {IJCAI Organization},
  year      = {2018},
  doi       = {10.24963/ijcai.2018/186}
}

@inproceedings{LeeICCAD18TLCanonical,
  author    = {S.-Y.~Lee and
               N.-Z.~Lee and
               J.-H.~R.~Jiang},
  title     = {Canonicalization of threshold logic representation and its applications},
  booktitle = {Proc.\ ICCAD},
  pages     = {85:1-85:8},
  publisher = {{ACM}},
  year      = {2018},
  doi       = {10.1145/3240765.3240785}
}

% 2019

@inproceedings{AliVAMOS19AutoMultiPL,
  author    = {S.~Ali and
               P.~Arcaini and
               I.~Hasuo and
               F.~Ishikawa and
               N.-Z.~Lee},
  title     = {Towards a framework for the analysis of multi-product lines in the
               automotive domain},
  booktitle = {Proc.\ VAMOS},
  pages     = {12:1-12:6},
  publisher = {{ACM}},
  year      = {2019},
  doi       = {10.1145/3302333.3302345}
}

@inproceedings{KravetsDAC19ECOSampling,
  author    = {V.~N.~Kravets and
               N.-Z.~Lee and
               J.-H.~R.~Jiang},
  title     = {Comprehensive search for {ECO} rectification using symbolic sampling},
  booktitle = {Proc.\ DAC},
  pages     = {71:1-71:6},
  publisher = {{ACM}},
  year      = {2019},
  doi       = {10.1145/3316781.3317790}
}

@inproceedings{LeeGECCO19MultiPLStability,
  author    = {N.-Z.~Lee and
               P.~Arcaini and
               S.~Ali and
               F.~Ishikawa},
  title     = {Stability analysis for safety of automotive multi-product lines: {A}
               search-based approach},
  booktitle = {Proc.\ GECCO},
  pages     = {1241-1249},
  publisher = {{ACM}},
  year      = {2019},
  doi       = {10.1145/3321707.3321755}
}

@inproceedings{LeeICCAD19TLWeightSharing,
  author    = {S.-Y.~Lee and
               N.-Z.~Lee and
               J.-H.~R.~Jiang},
  title     = {Searching parallel separating hyperplanes for effective compression
               of threshold logic networks},
  booktitle = {Proc.\ ICCAD},
  pages     = {1-8},
  publisher = {{ACM}},
  year      = {2019},
  doi       = {10.1109/ICCAD45719.2019.8942143}
}

% 2020

@inproceedings{JiangDATE20ECOSurvey,
  author    = {J.-H.~R.~Jiang and
               V.~N.~Kravets and
               N.-Z.~Lee},
  title     = {Engineering change order for combinational and sequential design rectification},
  booktitle = {Proc.\ DATE},
  pages     = {726-731},
  publisher = {{IEEE}},
  year      = {2020},
  doi       = {10.23919/DATE48585.2020.9116504}
}

% TODO: fill in missing entry after the paper is published
@article{LeeTCAD20TLCollapseVerify,
  author  = {N.-Z.~Lee and J.-H.~R.~Jiang},
  journal = {IEEE Transactions on Computer-Aided Design of Integrated Circuits and Systems},
  title   = {Constraint solving for synthesis and verification of threshold logic circuits},
  year    = {2020},
  volume  = {},
  number  = {},
  pages   = {1-1},
  doi     = {10.1109/TCAD.2020.3015441}
}

% 2021

% TODO: fill in missing entry after the paper is published
@inproceedings{LeeAAAI21DSSAT,
  author    = {N.-Z.~Lee and J.-H.~R.~Jiang},
  title     = {Dependency stochastic {Boolean} satisfiability: {A} logical formalism for {NEXPTIME} decision problems with uncertainty},
  booktitle = {Proc.\ AAAI},
  pages     = {},
  publisher = {{AAAI} Press},
  year      = {2021},
  doi       = {}
}
