%done
@inproceedings{SP19,
  author={Salmon, Ricardo and Poupart, Pascal},
  title={On the relationship between stochastic satisfiability and partially observable {Markov} decision processes},
  booktitle={Proceedings of the 35th Conference on Uncertainty in Artificial Intelligence (UAI)},
  pages={407:1--407:11},
  year={2019}
}

%done
@book{oliehoek2016concise,
  title={A Concise Introduction to Decentralized POMDPs},
  author={Oliehoek, Frans A. and Amato, Christopher and others},
  year={2016},
  publisher={Springer}
}

%done
@article{papadimitriou1985games,
  title={Games against nature},
  author={Papadimitriou, Christos H.},
  journal={Journal of Computer and System Sciences},
  volume={31},
  number={2},
  pages={288--301},
  year={1985},
  publisher={Elsevier}
}

%done
@inproceedings{peterson1979multiple,
  title={Multiple-person alternation},
  author={Peterson, Gary L. and Reif, John H.},
  booktitle={Proceedings of the 20th IEEE Symposium on Foundations of Computer Science (FOCS)},
  pages={348--363},
  year={1979}
}

%done
@article{peterson2001lower,
  title={Lower bounds for multiplayer noncooperative games of incomplete information},
  author={Peterson, Gary and Reif, John and Azhar, Salman},
  journal={Computers \& Mathematics with Applications},
  volume={41},
  number={7-8},
  pages={957--992},
  year={2001},
  publisher={Elsevier}
}

%done
@inproceedings{stockmeyer1973word,
  title={Word problems requiring exponential time},
  author={Stockmeyer, Larry J. and Meyer, Albert R.},
  booktitle={Proceedings of the 5th Annual ACM Symposium on Theory of Computing (STOC)},
  pages={1--9},
  year={1973}
}

%done
@article{bernstein2002complexity,
  title={The complexity of decentralized control of {Markov} decision processes},
  author={Bernstein, Daniel S. and Givan, Robert and Immerman, Neil and Zilberstein, Shlomo},
  journal={Mathematics of Operations Research},
  volume={27},
  number={4},
  pages={819--840},
  year={2002},
  publisher={INFORMS}
}

%done
@article{oliehoek2008optimal,
  title={Optimal and approximate {Q-value} functions for decentralized {POMDPs}},
  author={Oliehoek, Frans A. and Spaan, Matthijs T. J. and Vlassis, Nikos},
  journal={Journal of Artificial Intelligence Research},
  volume={32},
  pages={289--353},
  year={2008}
}

%done
@book{russell2016artificial,
  title={Artificial Intelligence: A Modern Approach},
  author={Russell, Stuart J. and Norvig, Peter},
  year={2016},
  publisher={Pearson Education Limited}
}

%done
@book{nilsson2014principles,
  title={Principles of Artificial Intelligence},
  author={Nilsson, Nils J.},
  year={2014},
  publisher={Morgan Kaufmann}
}

%done
@inproceedings{marques2000boolean,
  title={Boolean satisfiability in electronic design automation},
  author={Marques-Silva, Jo{\~a}o P. and Sakallah, Karem A.},
  booktitle={Proceedings of the 37th Annual Design Automation Conference (DAC)},
  pages={675--680},
  year={2000}
}

%done
@book{wang2009electronic,
  title={Electronic Design Automation: Synthesis, Verification, and Test},
  author={Wang, Laung-Terng and Chang, Yao-Wen and Cheng, Kwang-Ting T.},
  year={2009},
  publisher={Morgan Kaufmann}
}

%done
@book{berard2013systems,
  title={Systems and Software Verification: Model-checking Techniques and Tools},
  author={B{\'e}rard, B{\'e}atrice and Bidoit, Michel and Finkel, Alain and Laroussinie, Fran{\c{c}}ois and Petit, Antoine and Petrucci, Laure and Schnoebelen, Philippe},
  year={2013},
  publisher={Springer Science \& Business Media}
}

%done
@article{jhala2009software,
  title={Software model checking},
  author={Jhala, Ranjit and Majumdar, Rupak},
  journal={ACM Computing Surveys},
  volume={41},
  number={4},
  pages={21:1--21:54},
  year={2009},
  publisher={ACM}
}

%done
@article{barrett2018satisfiability,
  title={Satisfiability modulo theories},
  author={Barrett, Clark and Tinelli, Cesare},
  journal={Handbook of Model Checking},
  pages={305--343},
  year={2018},
  publisher={Springer}
}

%done
@article{de2011satisfiability,
  title={{Satisfiability modulo theories: Introduction and applications}},
  author={De Moura, Leonardo and Bj{\o}rner, Nikolaj},
  journal={Communications of the ACM},
  volume={54},
  number={9},
  pages={69--77},
  year={2011},
  publisher={ACM}
}

%done
@article{buning2009theory,
  title={Theory of quantified {Boolean} formulas},
  author={B{\"u}ning, Hans K. and Bubeck, Uwe},
  journal={Handbook of Satisfiability},
  volume={185},
  pages={735--760},
  year={2009}
}

%done
@misc{qbflib,
author = "Giunchiglia, Enrico and Narizzano, Massimo and Tacchella, Armando",
title = "{Quantified Boolean formulas satisfiability library (QBFLIB)}",
note = "Online available: \url{www.qbflib.org}",
year = "2005"
}

%done
@article{littman2001stochastic,
  title={Stochastic {Boolean} satisfiability},
  author={Littman, Michael L. and Majercik, Stephen M. and Pitassi, Toniann},
  journal={Journal of Automated Reasoning},
  volume={27},
  number={3},
  pages={251--296},
  year={2001},
  publisher={Springer}
}

%done
@book{biere2009handbook,
  title={Handbook of Satisfiability},
  author={Biere, Armin and Heule, Marijn and van Maaren, Hans},
  year={2009},
  publisher={IOS press}
}

%done
@article{majercik2009stochastic,
  title={Stochastic {Boolean} satisfiability},
  author={Majercik, Stephen M.},
  journal={Handbook of Satisfiability},
  volume={185},
  pages={887--925},
  year={2009}
}

%done
@inproceedings{scholl2018dependency,
  title={Dependency quantified {Boolean} formulas: An overview of solution methods and applications},
  author={Scholl, Christoph and Wimmer, Ralf},
  booktitle={Proceedings of the 21st International Conference on Theory and Applications of Satisfiability Testing (SAT)},
  pages={3--16},
  year={2018}
}

%done
@inproceedings{lee2017solving,
  title={Solving stochastic {Boolean} satisfiability under random-exist quantification},
  author={Lee, Nian-Ze and Wang, Yen-Shi and Jiang, Jie-Hong R.},
  booktitle={Proceedings of the 26th International Joint Conference on Artificial Intelligence (IJCAI)},
  pages={688--694},
  year={2017}
}

%done
@inproceedings{lee2018solving,
  title={Solving exist-random quantified stochastic {Boolean} satisfiability via clause selection},
  author={Lee, Nian-Ze and Wang, Yen-Shi and Jiang, Jie-Hong R.},
  booktitle={Proceedings of the 27th International Joint Conference on Artificial Intelligence (IJCAI)},
  pages={1339--1345},
  year={2018}
}

%done
@article{lee2018towards,
  title={Towards formal evaluation and verification of probabilistic design},
  author={Lee, Nian-Ze and Jiang, Jie-Hong R.},
  journal={IEEE Transactions on Computers},
  volume={67},
  number={8},
  pages={1202--1216},
  year={2018},
  publisher={IEEE}
}

%done
@inproceedings{majercik2005dc,
  title={{DC-SSAT: A divide-and-conquer approach to solving stochastic satisfiability problems efficiently}},
  author={Majercik, Stephen M. and Boots, Byron},
  booktitle={Proceedings of the 19th AAAI Conference on Artificial Intelligence (AAAI)},
  pages={416--422},
  year={2005}
}

%done
@inproceedings{majercik1998maxplan,
  title={{MAXPLAN: A new approach to probabilistic planning}},
  author={Majercik, Stephen M. and Littman, Michael L.},
  booktitle={Proceedings of the 4th International Conference on Artificial Intelligence Planning (AIPS)},
  pages={86--93},
  year={1998}
}

%done
@article{majercik2003contingent,
  title={Contingent planning under uncertainty via stochastic satisfiability},
  author={Majercik, Stephen M. and Littman, Michael L.},
  journal={Artificial Intelligence},
  volume={147},
  number={1-2},
  pages={119--162},
  year={2003},
  publisher={Elsevier}
}

%done
@inproceedings{fremont2017maximum,
  title={Maximum model counting},
  author={Fremont, Daniel J. and Rabe, Markus N. and Seshia, Sanjit A.},
  booktitle={Proceedings of the 31st AAAI Conference on Artificial Intelligence (AAAI)},
  pages={3885--3892},
  year={2017}
}

%done
@article{balabanov2014henkin,
  title={{Henkin quantifiers and Boolean formulae: A certification perspective of DQBF}},
  author={Balabanov, Valeriy and Chiang, Hui-Ju K. and Jiang, Jie-Hong R.},
  journal={Theoretical Computer Science},
  volume={523},
  pages={86--100},
  year={2014},
  publisher={Elsevier}
}

%done
@inproceedings{Sinha:2002,
  title={Topologically constrained logic synthesis},
  author={Sinha, Subarnarekha and Mishchenko, Alan and Brayton, Robert K.},
  booktitle={Proceedings of the 21st IEEE/ACM International Conference on Computer Aided Design (ICCAD)},
  pages={679--686},
  year={2002}
}

%done
@inproceedings{ICCD13,
  title={Equivalence checking of partial designs using dependency quantified {B}oolean formulae},
  author={Gitina, Karina and Reimer, Sven and Sauer, Matthias and Wimmer, Ralf and Scholl, Christoph and Becker, Bernd},
  booktitle={Proceedings of the IEEE 31st International Conference on Computer Design (ICCD)},
  pages={396--403},
  year={2013}
}

%done
@InProceedings{ProbDesign,
author="Chakrapani, Lakshmi N. B.
and George, Jason
and Marr, Bo
and Akgul, Bilge E. S.
and Palem, Krishna V.",
title={Probabilistic design: A survey of probabilistic {CMOS} technology and future directions for terascale {IC} design},
booktitle={VLSI-SoC: Research Trends in VLSI and Systems on Chip},
year="2008",
pages="101--118",
}

%done
@inproceedings{ApproxDesign,
  title={MACACO: Modeling and analysis of circuits for approximate computing},
  author={Venkatesan, Rangharajan and Agarwal, Amit and Roy, Kaushik and Raghunathan, Anand},
  booktitle={Proceedings of the 30th IEEE/ACM International Conference on Computer Aided Design (ICCAD)},
  pages={667--673},
  year={2011}
}

%done
@inproceedings{Tentrup19,
  author={Leander Tentrup and
               Markus N. Rabe},
  title={Clausal abstraction for {DQBF}},
  booktitle={Proceedings of the 22nd International Conference on Theory and Applications of Satisfiability Testing (SAT)},
  pages={388--405},
  year={2019}
}

%done
@inproceedings{JanotaM15,
  author={Mikol{\'{a}}s Janota and
               Jo{\~{a}}o Marques{-}Silva},
  title={Solving {QBF} by clause selection},
  booktitle={Proceedings of the 24th International Joint Conference on Artificial Intelligence (IJCAI)},
  pages={325--331},
  year={2015}
}

%done
@inproceedings{RabeT15,
  author={Markus N. Rabe and Leander Tentrup},
  title={{CAQE:} {A} certifying {QBF} solver},
  booktitle={Proceedings of the 15th Conference on Formal Methods in Computer-Aided Design (FMCAD)},
  pages={136--143},
  year={2015}
}

@inproceedings{ChenHJ21,
  author={Chen, Pei-Wei and Huang, Yu-Ching and Jiang, Jie-Hong R.},
  title={A Sharp Leap from Quantified Boolean Formula to Stochastic Boolean Satisfiability Solving},
  booktitle={Proceedings of the 35th AAAI Conference on Artificial Intelligence (AAAI)},
  pages={},
  year={2021}
}



\iffalse
@article{Norman2017,
  title={Verification and control of partially observable probabilistic systems},
  author={Norman, G. and Parker, D. and Zou, X},
  journal={Real-Time Syst},
  volume={53},
  number={},
  pages={354--402},
  year={2017},
}

@INPROCEEDINGS{DATE20,
author={Jiang, Jie-Hong R. and Kravets, Victor N. and Lee, Nian-Ze},
title={Engineering change order for combinational and sequential design rectification},
booktitle={Proceedings of the 23rd Design, Automation \& Test in Europe Conference \& Exhibition (DATE)},
pages={},
year={2020}
}
\fi